

@article{Rodin,
    title={Developing a strategy for Battleship},
    author = {E.Y.Rodin},
    journal={Mathematical and Computer Modelling},
    pages={145--153},
    year={1988}
}

@article{battleshipoptimal,
  title={Optimal Strategies against a Random Opponent in Battleship},
  author={Audinot, Maxime and Bonnet, Fran{\c{c}}ois and Viennot, Simon}
}


@article{battleshiprl,
author="Clementis, Ladislav",
editor="Zelinka, Ivan
and Chen, Guanrong
and R{\"o}ssler, Otto E.
and Snasel, Vaclav
and Abraham, Ajith",
title="Supervised and Reinforcement Learning in Neural Network Based Approach to the Battleship Game Strategy",
booktitle="Nostradamus 2013: Prediction, Modeling and Analysis of Complex Systems",
year="2013",
publisher="Springer International Publishing",
address="Heidelberg",
pages="191--200",
isbn="978-3-319-00542-3"
}




@article{biedl2004finding,
  title={Finding hidden independent sets in interval graphs},
  author={Biedl, Therese and Brejov{\'a}, Bro{\v{n}}a and Demaine, Erik D and Hamel, Angele M and L{\'o}pez-Ortiz, Alejandro and Vina{\v{r}}, Tom{\'a}{\v{s}}},
  journal={Theoretical Computer Science},
  volume={310},
  number={1-3},
  pages={287--307},
  year={2004},
  publisher={Elsevier}
}


@article{xu1998gene,
  title={Gene hunting without sequencing genomic clones: finding exon boundaries in cDNAs},
  author={Xu, Guorong and Sze, Sing-Hoi and Liu, Cheng-Pin and Pevzner, Pavel A and Arnheim, Norman},
  journal={Genomics},
  volume={47},
  number={2},
  pages={171--179},
  year={1998},
  publisher={Elsevier}
}

@book{cover1999elements,
  title={Elements of information theory},
  author={Cover, Thomas M},
  year={1999},
  publisher={John Wiley \& Sons}
}